<record><leader>00000cas a22000007a 4500</leader><controlfield tag="001">34102552</controlfield><controlfield tag="008">960130d19841985okuwr n       0    0eng d</controlfield><datafield ind1=" " ind2=" " tag="010"><subfield code="a">sn 95076476 </subfield></datafield><datafield ind1=" " ind2=" " tag="040"><subfield code="a">OBN</subfield><subfield code="b">eng</subfield><subfield code="c">OBN</subfield><subfield code="d">OCLCQ</subfield><subfield code="d">OCLCF</subfield><subfield code="d">OCLCO</subfield></datafield><datafield ind1="1" ind2=" " tag="029"><subfield code="a">AU@</subfield><subfield code="b">000025861722</subfield></datafield><datafield ind1=" " ind2=" " tag="042"><subfield code="a">msc</subfield></datafield><datafield ind1=" " ind2=" " tag="043"><subfield code="a">n-us-ok</subfield></datafield><datafield ind1="0" ind2=" " tag="130"><subfield code="a">News journal (Drumright, Okla.)</subfield></datafield><datafield ind1="1" ind2="0" tag="245"><subfield code="a">News journal.</subfield></datafield><datafield ind1=" " ind2=" " tag="260"><subfield code="a">Drumright, Okla. :</subfield><subfield code="b">Head Newspapers</subfield></datafield><datafield ind1=" " ind2=" " tag="300"><subfield code="a">v.</subfield></datafield><datafield ind1=" " ind2=" " tag="310"><subfield code="a">Weekly</subfield></datafield><datafield ind1="0" ind2=" " tag="362"><subfield code="a">Vol. 65, no. 47 (Oct. 31, 1984)-v. 66, no. 8 (Jan. 30, 1985).</subfield></datafield><datafield ind1=" " ind2="0" tag="651"><subfield code="a">Drumright (Okla.)</subfield><subfield code="v">Newspapers.</subfield></datafield><datafield ind1=" " ind2="0" tag="651"><subfield code="a">Creek County (Okla.)</subfield><subfield code="v">Newspapers.</subfield></datafield><datafield ind1=" " ind2="7" tag="655"><subfield code="a">Newspapers.</subfield><subfield code="2">fast</subfield><subfield code="0">(OCoLC)fst01423814</subfield></datafield><datafield ind1=" " ind2="7" tag="651"><subfield code="a">Oklahoma</subfield><subfield code="z">Creek County.</subfield><subfield code="2">fast</subfield><subfield code="0">(OCoLC)fst01221598</subfield></datafield><datafield ind1=" " ind2="7" tag="651"><subfield code="a">Oklahoma</subfield><subfield code="z">Drumright.</subfield><subfield code="2">fast</subfield><subfield code="0">(OCoLC)fst01226856</subfield></datafield><datafield ind1=" " ind2=" " tag="752"><subfield code="a">United States</subfield><subfield code="b">Oklahoma</subfield><subfield code="c">Creek</subfield><subfield code="d">Drumright.</subfield></datafield><datafield ind1="0" ind2=" " tag="775"><subfield code="t">News journal (Mannford, Okla.)</subfield><subfield code="w">(DLC)sn 95076479</subfield></datafield><datafield ind1="0" ind2="1" tag="780"><subfield code="t">News journal &amp; derrick</subfield><subfield code="w">(DLC)sn 83009091</subfield><subfield code="w">(OCoLC)9612677</subfield></datafield><datafield ind1="0" ind2="0" tag="785"><subfield code="t">Drumright area news journal</subfield><subfield code="w">(DLC)sn 95076477</subfield><subfield code="w">(OCoLC)34102644</subfield></datafield></record>